@article{castro2013a,
 	author = {Cilmar Castro and Gilvan de O., Vilarim},
	title = {Licenciatura em computacao no cenario nacional: embates, institucionalizacao e o nascimento de um novo curso},
  	journal = {Revista Espaco Academico},
  	year = {2013},
  	volume = {13},
  	number = {148}
},

@article{castro2013b,
  	author = {Cilmar, Castro},
  	title = {Licenciatura em Computacao: ampliando caminhos},
  	journal = {In: 2° Seminario Nacional de Inclusao Digital – SENID. Passo Fundo, RS},
  	year = {2013},
  	volume = {13},
  	number = {148}
},

@book{gatti97,
	address = {Campinas - SP},
	title = {Formação de professores e carreira: problemas e movimentos de renovação},
	publisher = {Autores associados},
	author = {Bernadete A., Gatti},
	year = {1997}
},

@article{matos2013a,
  	author = {Ecivaldo de S. Matos},
  	title = {Identidade profissional docente e o papel da interdisciplinaridade no currículo de licenciatura em computação},
  	journal = {Revista Espaço Acadêmico - UEM, Maringá-PR},
  	year = {2013},
	month = {Setembro},
  	volume = {13},
  	number = {148}
},


@article{quim2013,
  	author = {Osmar Quim},
  	title = {Formação de Professores de Informática: Desafios da Licenciatura em Computação},
  	journal = {5º Congresso Internacional de Educação, Pesquisa e Gestão},
  	year = {2013},
	month = {Setembro}
},

@book{cabral08,
	address = {Rio de Janeiro},
	title = {A trajetória dos cursos de graduação da área de computação e informática: 1969-2006},
	publisher = {SBC},
	author = {Maria Izabel Cabral and Daltro José Nunes and Roberto da Silva Bigorna},
	year = {2008}
}
